@BOOK{MarkRichards,
  author="Mark Richards and Neal Ford",
  title="Fundamentals of Software Architecture",
  publisher="O'Reilly Media Inc",
  year=2020
}

@BOOK{AzurePatterns,
	author="Jeremy Likness and Cecil Phillip",
	title="Serverless apps: Architecture, patterns, and Azure implementation",
	publisher="Microsoft Developer Division",
	year=2018,
	edition=4
}

@BOOK{Patterns,
	author="Mark Richards",
	title="Software Architecture Patterns",
	publisher="O'Reilly Media Inc",
	year=2015
}

@MISC{CloudDef,
	author="SUSE",
  title="Cloud solutions (11.09.2022.)",
  howpublished="\url{https://www.suse.com/suse-defines/definition/cloud-solutions/}",
}

@MISC{ServerlessDef,
	author="Microsoft",
	title="Serverless computing (11.09.2022.)",
	howpublished="\url{https://azure.microsoft.com/en-in/resources/cloud-computing-dictionary/what-is-serverless-computing/}",
}

@MISC{CloudNative,
	author="RedHat",
	title="Cloud-native applications (11.09.2022.)",
	howpublished="\url{https://www.redhat.com/en/topics/cloud-native-apps}",
}

@MISC{ServerlessPlatforms,
	author="TechMagic",
	title="Top 5 {S}erverless {P}latforms in 2022 (11.09.2022.)",
	howpublished="\url{https://www.techmagic.co/blog/top-5-serverless-platforms-in-2020/}",
}

@MISC{AWS,
	author="Amazon",
	title="Cloud computing with {AWS} (11.09.2022.)",
	howpublished="\url{https://aws.amazon.com/what-is-aws/}",
}

@MISC{GCP,
	author="Google",
	title="Why {G}oogle {C}loud (11.09.2022.)",
	howpublished="\url{https://cloud.google.com/why-google-cloud}",
}

@MISC{MA,
	author="Microsoft",
	title="What is {A}zure? (11.09.2022.)",
	howpublished="\url{https://azure.microsoft.com/en-us/resources/cloud-computing-dictionary/what-is-azure/}",
}

@MISC{SoftArch,
	author="Microsoft",
	title="Architecture-styles (11.09.2022.)",
	howpublished="\url{https://learn.microsoft.com/en-gb/azure/architecture/guide/architecture-styles/}",
}

@MISC{MicroservicesArch,
	author="Microsoft",
	title="Microservice architecture style (11.09.2022.)",
	howpublished="\url{https://learn.microsoft.com/en-gb/azure/architecture/guide/architecture-styles/microservices}",
}

@MISC{ArchExample1,
	author="Microsoft",
	title="Consumer health portal on {A}zure (11.10.2022.)",
	howpublished="\url{https://learn.microsoft.com/en-us/azure/architecture/example-scenario/digital-health/health-portal}",
}

@MISC{GitHubActions,
	author="GitHub",
	title="Understanding {G}it{H}ub {A}ctions (11.10.2022.)",
	howpublished="\url{https://docs.github.com/en/actions/learn-github-actions/understanding-github-actions}",
}

@MISC{GitHubActionsForFunctions,
	author="Microsoft",
	title="Continuous deployment for {A}zure {F}unctions (11.10.2022.)",
	howpublished="\url{https://learn.microsoft.com/en-us/azure/azure-functions/functions-continuous-deployment}",
}

@MISC{StaticWebApps,
	author="Microsoft",
	title="What is {A}zure {S}tatic {W}eb {A}pps? (11.10.2022.)",
	howpublished="\url{https://learn.microsoft.com/en-us/azure/static-web-apps/overview}",
}

@MISC{CommunicationServices,
	author="Microsoft",
	title="What is {A}zure {C}ommunication {S}ervices? (11.10.2022.)",
	howpublished="\url{https://learn.microsoft.com/en-us/azure/communication-services/overview}",
}

@MISC{FaaS,
	author="Microsoft",
	title="Choose an {A}zure compute service (11.10.2022.)",
	howpublished="\url{https://learn.microsoft.com/en-gb/azure/architecture/guide/technology-choices/compute-decision-tree}",
}

@MISC{SWADeploy,
	author="Microsoft",
	title="Quickstart: Building your first static site with {A}zure {S}tatic {W}eb {A}pps (15.10.2022.)",
	howpublished="\url{https://learn.microsoft.com/en-us/azure/static-web-apps/getting-started?tabs=angular}",
}

@MISC{SWAAddAPI,
	author="Microsoft",
	title="Add an {API} to {A}zure {S}tatic {W}eb {A}pps with {A}zure {F}unctions (15.10.2022.)",
	howpublished="\url{https://learn.microsoft.com/en-us/azure/static-web-apps/add-api?tabs=angular}",
}

@MISC{SWAAddFuncApp,
	author="Microsoft",
	title="Bring your own functions to {A}zure {S}tatic {W}eb {A}pps (15.10.2022.)",
	howpublished="\url{https://learn.microsoft.com/en-us/azure/static-web-apps/functions-bring-your-own}",
}

@MISC{SWAConfig,
	author="Microsoft",
	title="Configure {A}zure {S}tatic {W}eb {A}pps (15.10.2022.)",
	howpublished="\url{https://learn.microsoft.com/en-us/azure/static-web-apps/configuration#fallback-routes}",
}

@MISC{CI/CDGitHubActions,
	author="Microsoft",
	title="Deploy to {A}pp {S}ervice using {G}it{H}ub {A}ctions (15.10.2022.)",
	howpublished="\url{https://learn.microsoft.com/en-us/azure/app-service/deploy-github-actions?tabs=applevel}",
}

@MISC{CosmosDBIntro,
	author="Microsoft",
	title="Welcome to {A}zure {C}osmos {DB} (05.12.2022.)",
	howpublished="\url{https://learn.microsoft.com/en-us/azure/cosmos-db/introduction}",
}

@MISC{CosmosDBQuickstart,
	author="Microsoft",
	title="Quickstart: {A}zure {C}osmos {DB} for {NoSQL} client library for .{NET} (05.12.2022.)",
	howpublished="\url{https://learn.microsoft.com/en-us/azure/cosmos-db/nosql/quickstart-dotnet?tabs=azure-portal%2Cwindows}",
}

@MISC{CosmosDBResourceModel,
	author="Microsoft",
	title="Quickstart: {A}zure {C}osmos {DB} resource model (05.12.2022.)",
	howpublished="\url{https://learn.microsoft.com/en-us/azure/cosmos-db/account-databases-containers-items}",
}

@MISC{FuncAppsCosmosDB,
	author="Microsoft",
	title="Serverless apps using {A}zure {C}osmos {DB} (11.11.2022.)",
	howpublished="\url{https://learn.microsoft.com/en-gb/azure/architecture/solution-ideas/articles/serverless-apps-using-cosmos-db}",
}

@MISC{CosmosDBBinding,
	author="Microsoft",
	title="Architecture-styles (15.10.2022.)",
	howpublished="\url{https://learn.microsoft.com/en-us/azure/azure-functions/functions-add-output-binding-cosmos-db-vs-code}",
}

@MISC{VSCodeFunction,
	author="Microsoft",
	title="Quickstart: Create a {C}\# function in {A}zure using {V}isual {S}tudio {C}ode (15.10.2022.)",
	howpublished="\url{https://learn.microsoft.com/en-us/azure/azure-functions/create-first-function-vs-code-csharp?tabs=in-process}",
}

@MISC{DurableFunctions,
	author="Microsoft",
	title="What are {D}urable {F}unctions? (15.10.2022.)",
	howpublished="\url{https://learn.microsoft.com/en-us/azure/azure-functions/durable/durable-functions-overview?tabs=csharp}",
}

@MISC{DurableFunctionsImplement,
	author="Microsoft",
	title="Create your first durable function in {C}\# (15.10.2022.)",
	howpublished="\url{https://learn.microsoft.com/en-us/azure/azure-functions/durable/durable-functions-create-first-csharp?pivots=code-editor-vscode}",
}

@MISC{CosmosDBInputBinding,
	author="Microsoft",
	title="Azure {C}osmos {DB} input binding for {A}zure {F}unctions 2.x and higher (15.10.2022.)",
	howpublished="\url{https://learn.microsoft.com/en-us/azure/azure-functions/functions-bindings-cosmosdb-v2-input}",
}

@MISC{CosmosDBOutputBinding,
	author="Microsoft",
	title="Azure {C}osmos {DB} output binding for {A}zure {F}unctions 2.x and higher (15.10.2022.)",
	howpublished="\url{https://learn.microsoft.com/en-us/azure/azure-functions/functions-bindings-cosmosdb-v2-output}",
}

@MISC{CosmosDBPartialDocumentUpdate,
	author="Microsoft",
	title="{P}artial {D}ocument {U}pdate (15.10.2022.)",
	howpublished="\url{https://learn.microsoft.com/en-us/azure/cosmos-db/partial-document-update}",
}

@MISC{CosmosDBCostOpt,
	author="Microsoft",
	title="Optimize request cost in {A}zure {C}osmos {DB} (01.12.2022.)",
	howpublished="\url{https://learn.microsoft.com/en-us/azure/cosmos-db/optimize-cost-reads-writes}",
}

@MISC{CosmosDBPartitioning,
	author="Microsoft",
	title="Partitioning and horizontal scaling in {A}zure {C}osmos {DB} (15.10.2022.)",
	howpublished="\url{https://learn.microsoft.com/en-us/azure/cosmos-db/partitioning-overview}",
}

@MISC{NoSQLArrays,
	author="MongoDB",
	title="Avoid {U}nbounded {A}rrays (14.11.2022.)",
	howpublished="\url{https://www.mongodb.com/docs/atlas/schema-suggestions/avoid-unbounded-arrays/}",
}


@MISC{CosmosClient,
	author="European {S}hare{P}oint, {O}ffice 365 and {A}zure {C}onference ({ESPC})",
	title="Working with CosmosClient in Azure Functions (15.10.2022.)",
	howpublished="\url{https://www.sharepointeurope.com/working-with-cosmosclient-in-azure-functions/}",
}

@MISC{CommunicationResource,
	author="Microsoft",
	title="Quickstart - {C}reate and manage {E}mail {C}ommunication {S}ervice resource in {A}zure {C}ommunication {S}ervice (10.10.2022.)",
	howpublished="\url{https://learn.microsoft.com/en-us/azure/communication-services/quickstarts/email/create-email-communication-resource}",
}

@MISC{ConnectEmailDomain,
	author="Microsoft",
	title="Quickstart: How to add {A}zure {M}anaged {D}omains to {E}mail {C}ommunication {S}ervice (10.10.2022.)",
	howpublished="\url{https://learn.microsoft.com/en-us/azure/communication-services/quickstarts/email/add-azure-managed-domains}",
}

@MISC{SendEmail,
	author="Microsoft",
	title="Quickstart: How to send an email using {A}zure {C}ommunication {S}ervice (10.10.2022.)",
	howpublished="\url{https://learn.microsoft.com/en-us/azure/communication-services/quickstarts/email/send-email?pivots=programming-language-csharp}",
}

@MISC{LoadtestOverview,
	author="Microsoft",
	title="What is {A}zure {L}oad {T}esting {P}review? (30.11.2022.)",
	howpublished="\url{https://learn.microsoft.com/en-us/azure/load-testing/overview-what-is-azure-load-testing}",
}

@MISC{LoadtestQuickstart,
	author="Microsoft",
	title="Quickstart: Create and run a load test with {A}zure {L}oad {T}esting {P}review (30.11.2022.)",
	howpublished="\url{https://learn.microsoft.com/en-us/azure/load-testing/quickstart-create-and-run-load-test}",
}

@MISC{MongoMoveData,
	author="MongoDB",
	title="Migrate from {A}zure {C}osmos{DB} to {M}ongo{DB} {A}tlas {U}sing {A}pache {K}afka (30.11.2022.)",
	howpublished="\url{https://www.mongodb.com/developer/products/atlas/migrate-azure-cosmosdb-mongodb-atlas-apache-kafka/}",
}
